%%%%%%%%%%%%%%%%%%%%%%%%%%%%%%%%%%%%%%%%%%%%%%%%%%%%%%%%%%%%%%%%%%%%%%%%%%%%%%%%
% BIBLIOGRAFÍA                                                                 %
%                                                                              %
% Objetivo: Recopilar las referencias a información utilizadas y/o algunas     %
%           otras que puedan resultar interesantes                             %
%%%%%%%%%%%%%%%%%%%%%%%%%%%%%%%%%%%%%%%%%%%%%%%%%%%%%%%%%%%%%%%%%%%%%%%%%%%%%%%%

@Misc{Vendimia,
  language = {galician},
  title = {La vendimia durante la Antigüedad, una tradición milenaria},
  url = {https://museovinogalicia.xunta.gal/es/blog/la-vendimia-durante-la-antiguedad-una-tradicion-milenaria},
  year = 2021,
}

@Misc{RendimientoViticultura,
  language = {spanish},
  title = {Rendimiento(viticultura)},
  url = {https://es.wikipedia.org/wiki/Rendimiento_(viticultura)},
  year = 2021,
}

@Misc{JPQL,
  language = {english},
  title = {The Jakarta Persistence Query Language},
  url = {https://jakarta.ee/learn/docs/jakartaee-tutorial/current/persist/persistence-querylanguage/persistence-querylanguage.html#_the_jakarta_persistence_query_language},
  year = 2024,
}

@Misc{Dart,
  language = {english},
  title = {Dart Programming Langage},
  url = {https://dart.dev/},
  year = 2024,
}

@Misc{YAML,
  language = {english},
  title = {YAML Ain't Markup Language},
  url = {https://yaml.org/},
  year = 2024,
}

@Misc{Spring,
  language = {english},
  title = {Spring Framework},
  url = {https://spring.io/projects/spring-framework},
  year = 2024,
}

@Misc{OpenAPI,
  language = {english},
  title = {OpenAPI Specification},
  url = {https://swagger.io/specification/},
  year = 2024,
}

@Misc{Flutter,
  language = {english},
  url = {https://flutter.dev/},
  year = 2024,
}

@Misc{Taiga,
  language = {english},
  url = {https://taiga.io/},
  year = 2024,
}

@Misc{Figma,
  language = {english},
  url = {https://www.figma.com/},
  year = 2024,
}

@Misc{MySQL,
  language = {english},
  url = {https://www.mysql.com/},
  year = 2024,
}
@Misc{H2,
  language = {english},
  url = {https://h2database.com/},
  year = 2024,
}

@Misc{IDEA,
  language = {english},
  url = {https://www.jetbrains.com/idea/},
  year = 2024,
}

@Misc{Android,
  language = {english},
  url = {https://developer.android.com/},
  year = 2024,
}

@Misc{Github,
  language = {english},
  url = {https://github.com/},
  year = 2024,
}

@Misc{Git,
  language = {english},
  url = {https://git-scm.com/},
  year = 2024,
}

@Misc{Docker,
  language = {english},
  url = {https://www.docker.com/},
  year = 2024,
}

@Misc{Plantuml,
  language = {english},
  url = {https://github.com/plantuml/plantuml},
  year = 2024,
}

@Misc{Moustache,
  language = {english},
  url = {https://mustache.github.io/},
  year = 2024,
}

